@book{ipsen2009numerical,
  title={Numerical matrix analysis: Linear systems and least squares},
  author={Ipsen, Ilse CF},
  year={2009},
  publisher={SIAM}
}

@article{hager1984condition,
  title={Condition estimates},
  author={Hager, William W},
  journal={SIAM Journal on scientific and statistical computing},
  volume={5},
  number={2},
  pages={311--316},
  year={1984},
  publisher={SIAM}
}